@Misc{webcomponents.org,
	author =       {WebComponents.org contributors},
	title =        {WebComponents.org -- a place to discuss and evolve web component best-practices},
	howpublished = {\url{http://webcomponents.org}},
	note =	       {Accessed: 2015-05-27},
	year =         2015,
	annote =       {URL}
}

@Misc{websocketRFC,
	author =       {I. Fette and A. Melnikov},
	title =        {The WebSocket Protocol},
	year =         2011,
	month =        {December},
	howpublished = {\url{https://tools.ietf.org/html/rfc6455}},
	note =	       {Accessed: 2015-05-27},
	annote =       {URL}
}

@Misc{mediaqueriesW3C,
	author =       {Rivoal, Florian and  Wium Lie, Håkon and Çelik, Tantek and Glazman, Daniel and van Kesteren, Anne},
	title =        {Media Queries -- W3C Recommendation},
	year =         2012,
	day =          19,
	month =        {June},
	howpublished = {\url{http://www.w3.org/TR/css3-mediaqueries}},
	note =	       {Accessed: 2015-05-27},
	annote =       {URL}
}

@misc{polymer,
	title =        {Polymer},
	author =       {Polymer Authors},
	howpublished = {\url{https://www.polymer-project.org}},
	note =         {Accessed: 2015-05-30},
	year =         2015
}

@misc{interactJs,
	title =        {interact.js},
	author =       {Taye Adeyemi},
	howpublished = {\url{http://interactjs.io}},
	note =         {Accessed: 2015-05-30},
	year =         2015
}


@Misc{Kropp:2015,
	author =       {Kropp, Martin and Meier, Andreas},
	title =        {Swiss Agile Study 2014},
	year =         2015,
	month =        {May},
	howpublished =	       {\url{http://www.swissagilestudy.ch/files/2015/05/SwissAgileStudy2014.pdf}},
	note =         {Accessed: 2015-05-29},
	annote =       {URL}
}
@@masterthesis{udcw:31721,
	author = {Stevenson Gossage},
	title = {Understanding the Digital Card Wall for Agile Software Development},
	school = {Carleton University},
	year = {2014},
	month = {May},
	note = {Master thesis}
}
@INPROCEEDINGS{deMelo:6480421, 
	author={de Melo Oliveira, Renan and Goldman, Alfredo and Melo, Claudia O.}, 
	booktitle={System Sciences (HICSS), 2013 46th Hawaii International Conference on}, 
	title={Designing and Managing Agile Informative Workspaces: Discovering and Exploring Patterns}, 
	year={2013}, 
	month={Jan}, 
	pages={4790-4799}, 
	keywords={Employment;Guidelines;Interviews;Software;agile metrics;agile tracking;big visible charts;information radiators;informative workspace}, 
	doi={10.1109/HICSS.2013.171}, 
	ISSN={1530-1605}
}

@INPROCEEDINGS{deMelo:6005497, 
	author={de Melo Oliveira, R. and Goldman, A.}, 
	booktitle={Agile Conference (AGILE), 2011}, 
	title={How to Build an Informative Workspace? An Experience Using Data Collection and Feedback}, 
	year={2011}, 
	month={Aug}, 
	pages={143-146}, 
	keywords={information management;software prototyping;team working;agile community;agile method;continuous reflection;data collection;feedback;five point Likert scale survey;heuristics validity;human cognition;informative workspace management;team adaptability;team workspace;workspace layout;Cognition;Communities;Context;Humans;Measurement;Programming;Software;agile metrics;agile tracking;informative workspace}, 
	doi={10.1109/AGILE.2011.33}
}

@book{Cockburn:2001,
	title =        {Agile Software Development},
	author =       {Alistair Cockburn},
	isbn =         {9780201699692},
	year =         2001,
	publisher =    {Addison-Wesley Professional}
}

@book{Stellman:2014,
	title =        {Learning Agile},
	author =       {Stellman, Andrew and Greene, Jennnifer},
	isbn =         {978-1-4493-3192-4},
	year =         2014,
	publisher =    {O'Reilly Media}
}

@unpublished{Mateescu:2015,
	author = {Magdalena Mateescu, Martin Kropp, Roger Burkhard, Carmen Zahn},
	title = {aWall – Designing Socio-Cognitive Tools for agile team collaboration with large Multi-Touch Wall Systems},
	year = {2015},
	month = {October}
}

@inproceedings{Haas:2014:TAV:2669485.2669538,
	author = {Haas, Benedikt and Echtler, Florian},
	title = {Task Assignment and Visualization on Tabletops and Smartphones},
	booktitle = {Proceedings of the Ninth ACM International Conference on Interactive Tabletops and Surfaces},
	series = {ITS '14},
	year = {2014},
	isbn = {978-1-4503-2587-5},
	location = {Dresden, Germany},
	pages = {311--316},
	numpages = {6},
	url = {http://doi.acm.org/10.1145/2669485.2669538},
	doi = {10.1145/2669485.2669538},
	acmid = {2669538},
	publisher = {ACM},
	address = {New York, NY, USA},
	keywords = {direct manipulation, face-to-face collaboration, smartphone devices, tabletop (surface) computers, task assignment, task visualization},
} 

@inproceedings{Rubart:2014:CMS:2669485.2669551,
	author = {Rubart, Jessica},
	title = {A Cooperative Multitouch Scrum Task Board for Synchronous Face-to-Face Collaboration},
	booktitle = {Proceedings of the Ninth ACM International Conference on Interactive Tabletops and Surfaces},
	series = {ITS '14},
	year = {2014},
	isbn = {978-1-4503-2587-5},
	location = {Dresden, Germany},
	pages = {387--392},
	numpages = {6},
	url = {http://doi.acm.org/10.1145/2669485.2669551},
	doi = {10.1145/2669485.2669551},
	acmid = {2669551},
	publisher = {ACM},
	address = {New York, NY, USA},
	keywords = {agile planning, cscw, interactive tabletops, multitouch, multitouch table, scrum, scrum task board},
} 

@INPROCEEDINGS{Ghanam:4599452, 
	author={Ghanam, Y. and Xin Wang and Maurer, F.}, 
	booktitle={Agile, 2008. AGILE '08. Conference}, 
	title={Utilizing Digital Tabletops in Collocated Agile Planning Meetings}, 
	year={2008}, 
	month={Aug}, 
	pages={51-62}, 
	keywords={groupware;microcomputers;software engineering;agile planning;agile software development;collocated agile planning;digital tabletops;horizontal displays;Collaboration;Collaborative software;Concrete;Displays;Keyboards;Laboratories;Meeting planning;Mice;Programming;Proposals;Agile;collocated;meeting;planning;tabletop}, 
	doi={10.1109/Agile.2008.13}
}

@inproceedings{Pandey:2013:RDT:2525194.2525271,
	author = {Pandey, Sumit},
	title = {Responsive Design for Transaction Banking - a Responsible Approach},
	booktitle = {Proceedings of the 11th Asia Pacific Conference on Computer Human Interaction},
	series = {APCHI '13},
	year = {2013},
	isbn = {978-1-4503-2253-9},
	location = {Bangalore, India},
	pages = {291--295},
	numpages = {5},
	url = {http://doi.acm.org/10.1145/2525194.2525271},
	doi = {10.1145/2525194.2525271},
	acmid = {2525271},
	publisher = {ACM},
	address = {New York, NY, USA},
	keywords = {adaptive interfaces, interaction design, mobile devices, mobile first, responsive web design},
}

@inproceedings{Sukale:2014:PWD:2638728.2638768,
	author = {Sukale, Ryan and Koval, Olesia and Voida, Stephen},
	title = {The Proxemic Web: Designing for Proxemic Interactions with Responsive Web Design},
	booktitle = {Proceedings of the 2014 ACM International Joint Conference on Pervasive and Ubiquitous Computing: Adjunct Publication},
	series = {UbiComp '14 Adjunct},
	year = {2014},
	isbn = {978-1-4503-3047-3},
	location = {Seattle, Washington},
	pages = {171--174},
	numpages = {4},
	url = {http://doi.acm.org/10.1145/2638728.2638768},
	doi = {10.1145/2638728.2638768},
	acmid = {2638768},
	publisher = {ACM},
	address = {New York, NY, USA},
	keywords = {design, human factors, proxemics, responsive web design, ubiquitous computing, web design},
}

@inproceedings{Badam:2014:PCF:2669485.2669518,
	author = {Badam, Sriram Karthik and Elmqvist, Niklas},
	title = {PolyChrome: A Cross-Device Framework for Collaborative Web Visualization},
	booktitle = {Proceedings of the Ninth ACM International Conference on Interactive Tabletops and Surfaces},
	series = {ITS '14},
	year = {2014},
	isbn = {978-1-4503-2587-5},
	location = {Dresden, Germany},
	pages = {109--118},
	numpages = {10},
	url = {http://doi.acm.org/10.1145/2669485.2669518},
	doi = {10.1145/2669485.2669518},
	acmid = {2669518},
	publisher = {ACM},
	address = {New York, NY, USA},
	keywords = {co-browsing, cross-device interaction, distributed visualization, multi-display environments},
}


